@techreport{Eck:2007rw,
    Author = {Douglas Eck and J\"urgen Schmidhuber},
    Title = {A First Look at Music Composition using LSTM Recurrent Neural Networks},
    Institution = {Instituto Dalle Molle di studi sull' intelligenza artificiale},
    Year = 2007,
    Number = {IDSIA-07-02},
    Address = {Manno, Switzerland},
}

@inproceedings{Greg-Schiemer:2007mz,
    Author = {Greg Schiemer and Mark Havryliv},
    Title = {{Pocket Gamelan}: Interactive mobile music performance},
    Booktitle = {Proceedings of Mobility Conference 2007: The 4th International Conference on Mobile Technology, Applications and Systems:},
    Year = 2007,
    Pages = {716--719},
    Series = {IS-CHI 2007},
    Publisher = {Research Publishing},
}

@article{Hamilton:2011aa,
    Author = {Robert Hamilton and Jeffrey Smith and Ge Wang},
    Title = {Social Composition: Musical Data Systems for Expressive Mobile Music},
    Journal = {Leonardo Music Journal},
    Year = 2011,
    Volume = 21,
    Pages = {57--64},
    DOI = {10.1162/LMJ_a_00062}
}

@inproceedings{Martin:2015jk,
    Author = {Charles Martin and Henry Gardner and Ben Swift},
    Title = {Tracking Ensemble Performance on Touch-Screens with Gesture Classification and Transition Matrices},
    Booktitle = {Proceedings of the International Conference on New Interfaces for Musical Expression},
    Year = 2015,
    Editor = {Edgar Berdahl and Jesse Allison},
    Pages = {359--364},
    Series = {NIME '15},
    Publisher = {Louisiana State University},
    Address = {Baton Rouge, LA, USA},
    URL = {http://www.nime.org/proceedings/2015/nime2015_242.pdf},
}

@misc{Martin:2016ah,
    Title = {{P}hase{R}ings v1.2.0},
    Howpublished = {Git Repository},
    Author = {Charles Martin},
    Year = 2016,
    DOI = {10.5281/zenodo.50860}
}

@misc{Martin:2016fc,
    Title = {metatone-analysis v0.1},
    Author = {Charles Martin and Ben Swift and Henry Gardner},
    Year = 2016,
    URL = {http://dx.doi.org/10.5281/zenodo.51710},
    DOI = {10.5281/zenodo.51710}
}

@incollection{Martin:2016rm,
    Author = {Charles Martin and Henry Gardner},
    Title = {A Percussion-Focussed Approach to Preserving Touch-Screen Improvisation},
    Booktitle = {Curating the Digital: Spaces for Art and Interaction},
    Publisher = {Springer International Publishing},
    Year = 2016,
    Editor = {David England and Thecla Schiphorst and Nick Bryan-Kinns},
    Series = {Springer Series on Cultural Computing},
    Address = {Switzerland},
    DOI = {10.1007/978-3-319-28722-5_5}
}

@misc{Martin:2016xu,
    Title = {Metatone Classifier: Research Prototype},
    Howpublished = {Git Repository},
    Author = {Charles Martin},
    Year = 2016,
    URL = {https://github.com/cpmpercussion/MetatoneClassifier},
    DOI = {10.5281/zenodo.51712}
}

@inproceedings{Pachet:2013kq,
    Author = {Pachet, Fran\c{c}ois and Roy, Pierre and Moreira, Julian and d'Inverno, Mark},
    Title = {Reflexive Loopers for Solo Musical Improvisation},
    Booktitle = {Proceedings of the SIGCHI Conference on Human Factors in Computing Systems},
    Year = 2013,
    Pages = {2205--2208},
    Series = {CHI '13},
    Publisher = {ACM},
    Address = {New York, NY, USA},
    DOI = {10.1145/2470654.2481303}
}


@inproceedings{Simon:2008dp,
    Author = {Simon, Ian and Morris, Dan and Basu, Sumit},
    Title = {MySong: Automatic Accompaniment Generation for Vocal Melodies},
    Booktitle = {Proceedings of the SIGCHI Conference on Human Factors in Computing Systems},
    Year = {2008},
    Pages = {725--734},
    Series = {CHI '08},
    Publisher = {ACM},
    Address = {New York, NY, USA},
    URL = {http://doi.acm.org/10.1145/1357054.1357169},
    DOI = {10.1145/1357054.1357169}
}

@inproceedings{Snyder:2014dp,
    Author = {Jeff Snyder and Avneesh Sarwate},
    Title = {Mobile Device Percussion Parade},
    Booktitle = {Proceedings of the International Conference on New Interfaces for Musical Expression},
    Year = 2014,
    Pages = {147--150},
    Series = {NIME '14},
    Publisher = {Goldsmiths, University of London},
    Address = {London, UK},
    URL = {http://www.nime.org/proceedings/2014/nime2014_542.pdf},
}

@inproceedings{Sturm:2016rz,
    Author = {Bob L. Sturm and Jo\~{a}o Felipe Santos and Oded Ben-Tal and Iryna Korshunova},
    Title = {Music Transcription Modelling and Composition Using Deep Learning},
    Booktitle = {Proceedings of the 1st Conference on Computer Simulation of Musical Creativity},
    Year = 2016,
    Address = {University of Huddersfield, UK}
}

@inproceedings{Walder:2016aa,
    Author = {Christian Walder},
    Title = {Modelling Symbolic Music: Beyond the Piano Roll},
    Booktitle = {Proceedings of The 8th Asian Conference on Machine Learning},
    Year = 2016,
    Editor = {Robert J. Durrant and Kee-Eung Kim},
    Volume = 63,
    Pages = {174--189},
    Publisher = {PMLR},
    URL = {http://proceedings.mlr.press/v63/walder88.html},
}

@incollection{Wang:2014cs,
    Author = {Ge Wang and Georg Essl and Henri Penttinen},
    Title = {The Mobile Phone Orchestra},
    Booktitle = {The Oxford Handbook of Mobile Music Studies},
    Publisher = {Oxford University Press},
    Year = 2014,
    Editor = {Sumanth Gopinath and Jason Stanyek},
    Volume = 2,
    Pages = {453--469},
    Address = {Oxford, UK},
    DOI = {10.1093/oxfordhb/9780199913657.013.018}
}

@article{Wang:2014ul,
    Author = {Ge Wang},
    Title = {Ocarina: Designing the {iPhone}'s Magic Flute},
    Journal = {Computer Music Journal},
    Year = 2014,
    Volume = 38,
    Number = 2,
    Pages = {8--21},
    DOI = {10.1162/COMJ_a_00236}
}
